@book{agoston2005computer,
  title={Computer Graphics and Geometric Modelling: Implementation \& Algorithms},
  author={Agoston, M.K.},
  isbn={9781846281082},
  lccn={2004049155},
  series={Computer Graphics and Geometric Modeling},
  url={http://books.google.es/books?id=TAYw3LEs5rgC},
  year={2005},
  publisher={Springer London}
}

@book{rovenski2010modeling,
  title={Modeling of Curves and Surfaces with MATLAB{\textregistered}},
  author={Rovenski, V.},
  isbn={9780387712789},
  lccn={2010926971},
  series={Springer Undergraduate Texts in Mathematics and Technology},
  url={http://books.google.es/books?id=cfBzzwYVEgMC},
  year={2010},
  publisher={Springer New York}
}

@book{salomon2006curves,
  title={Curves and Surfaces for Computer Graphics},
  author={Salomon, D.},
  isbn={9780387241968},
  lccn={2005051677},
  url={http://books.google.es/books?id=m0Je92uycVAC},
  year={2006},
  publisher={Springer}
}